<record><leader>00000cas a22000007a 4500</leader><controlfield tag="001">14206256</controlfield><controlfield tag="008">860911d189u1916txudr ne      0    0eng d</controlfield><datafield ind1=" " ind2=" " tag="010"><subfield code="a">sn 86088877 </subfield></datafield><datafield ind1=" " ind2=" " tag="040"><subfield code="a">PPM</subfield><subfield code="b">eng</subfield><subfield code="c">PPM</subfield><subfield code="d">OCLCQ</subfield></datafield><datafield ind1=" " ind2=" " tag="042"><subfield code="a">msc</subfield></datafield><datafield ind1="0" ind2="4" tag="245"><subfield code="a">The dinner horn.</subfield></datafield><datafield ind1=" " ind2=" " tag="260"><subfield code="a">Paris, Tex. :</subfield><subfield code="b">Walter E. Boyd</subfield></datafield><datafield ind1=" " ind2=" " tag="300"><subfield code="a">v. :</subfield><subfield code="b">ill. ;</subfield><subfield code="c">38 cm.</subfield></datafield><datafield ind1=" " ind2=" " tag="310"><subfield code="a">Daily</subfield></datafield><datafield ind1="1" ind2=" " tag="362"><subfield code="a">Ceased in 1916.</subfield></datafield><datafield ind1=" " ind2=" " tag="588"><subfield code="a">Description based on: Vol. 3, no. 297 (Aug. 21, 1895).</subfield></datafield><datafield ind1=" " ind2=" " tag="752"><subfield code="a">United States</subfield><subfield code="b">Texas</subfield><subfield code="c">Lamar</subfield><subfield code="d">Paris.</subfield></datafield><datafield ind1="0" ind2="0" tag="785"><subfield code="t">Daily dinner horn</subfield><subfield code="w">(DLC)sn 88084244</subfield></datafield></record>